<?xml version="1.0" encoding="UTF-8"?><collection xmlns="http://www.loc.gov/MARC21/slim"><record><leader>00377nam--2200145-i-4500</leader><controlfield tag="001">000004346</controlfield><controlfield tag="002">20161230</controlfield><controlfield tag="005">20170114171036</controlfield><controlfield tag="008">060222s1000------------r-----000-0-eng-d</controlfield><datafield ind1=" " ind2=" " tag="100"><subfield code="a">Caianiello, E. R</subfield></datafield><datafield ind1=" " ind2=" " tag="245"><subfield code="a">Some remarks on ultraviolet divergencies</subfield></datafield><datafield ind1=" " ind2=" " tag="260"><subfield code="a">Napoli</subfield><subfield code="b">Instituto Di Fisica Teorica</subfield><subfield code="c">1958</subfield></datafield><datafield ind1=" " ind2=" " tag="300"><subfield code="a">15 p</subfield></datafield><datafield ind1=" " ind2=" " tag="852"><subfield code="a">5513</subfield></datafield><datafield ind1=" " ind2=" " tag="CAT"><subfield code="a">SYS</subfield><subfield code="c">20170114</subfield><subfield code="h">171036</subfield></datafield></record></collection>